@ARTICLE{Turchin86theconcept,
    author = {Valentin F. Turchin},
    title = {{The Concept of a Supercompiler}},
    journal = {ACM Transactions on Programming Languages and Systems},
    year = {1986},
    volume = {8},
    pages = {292--325}
}

@incollection{Klyuchnikov2010proving,
    year = {2010},
    isbn = {978-3-642-11485-4},
    booktitle = {Perspectives of Systems Informatics},
    volume = {5947},
    series = {Lecture Notes in Computer Science},
    editor = {Pnueli, Amir and Virbitskaite, Irina and Voronkov, Andrei},
    doi = {10.1007/978-3-642-11486-1_17},
    title = {{Proving the Equivalence of Higher-Order Terms by Means of Supercompilation}},
    url = {http://dx.doi.org/10.1007/978-3-642-11486-1_17},
    publisher = {Springer Berlin Heidelberg},
    author = {Klyuchnikov, Ilya and Romanenko, Sergei},
    pages = {193-205},
    language = {English}
}

@inproceedings{SCbyEval,
    author = {Bolingbroke, Maximilian and Peyton Jones, Simon},
    title = {{Supercompilation by Evaluation}},
    booktitle = {Proceedings of the Third ACM Haskell Symposium on Haskell},
    series = {Haskell '10},
    year = {2010},
    isbn = {978-1-4503-0252-4},
    location = {Baltimore, Maryland, USA},
    pages = {135--146},
    numpages = {12},
    url = {http://doi.acm.org/10.1145/1863523.1863540},
    doi = {10.1145/1863523.1863540},
    acmid = {1863540},
    publisher = {ACM},
    address = {New York, NY, USA},
    keywords = {deforestation, haskell, optimisation, specialisation, supercompilation},
} 
